111111112222222222222222222222222222222222113333222222222222222222222222222222222222222222222222222222222222222211111111
222222222222222222222222222222222222223322223322222222222222222222222222222222222222222222222222222222222222222222222222
222222224444444444444444444444444444444444444444444444444444444444444222222222222222222                            22222
2222222244                                                         44222222222222222222                            22222
222222224444444444444444444444444444444444444444444444444444444444444122222222222222222                            22222
2222222244                                                         44322222222222222222                            22222
222222224444444444444444444444444444444444444444444444444444444444444222222222222222222                            22222
2222222244                                                         44122222222222222222                            22222
222222224444444444444444444444444444444444444444444444444444444444444111111111111122111                            22222
2222222244                                                         44122111122222211111                            22222
222222224444444444444444444444444444444444444444444444444444444444444111333322333333332                            22222
222222222222223333333333333333333333333333333333333333223333333322222222222211222211221                            22222
222222222211223333333322333333333333333333333333333333333333333322221122222222222222222                            22222
221111112211113333333333223333333333333322332222332222222222223311111122221122222222222                            11111
221111111 _____  3333322333333333333332222444444443344444444444433333344333333333333333                            33333
33333333 |  __ \ 3333333333333333333332244444444444444444444444433333333333333333333333                            33333
22222222 | |__) |__ _ __ ___  ___  _ __  _ __   __ _  __ _  ___  3333333333333333333333                            33333
22112222 |  ___/ _ \ '__/ __|/ _ \| '_ \| '_ \ / _` |/ _` |/ _ \ 3333333333333333333333                            33333
33333333 | |  |  __/ |  \__ \ (_) | | | | | | | (_| | (_| |  __/ 3333333333333334433334                            33333
33333333 |_|   \___|_|  |___/\___/|_| |_|_| |_|\__,_|\__, |\___| 3333333333333333333332                            33333
3333333333333333333333333333333333333322444444444444  __/ | 444433333333333333333333333                            33333
3333333333333333333333333333333333333322444444444444 |___/  444433333333333333333333333                            33333
333333333333333333333333333333333333332244444444444444444444444433333333333333333333333                            33333
333333333333333333333333333333333333332222444444444444444444444433333333333333333333333                            33333
333333333333333333333333333333333333333333333333333333333333333322112211111111112211112                            12211
333333333322332233333333333333333333333333333333333333333333333322222222222222222233333                            33333
333333333333223333333333333333333333333333333333333333333333333333221111111111111111112                            12222
333333333333333322333333333333333333333333333333333333333333333333333322111122222211222                            22222
333333333333333333333333333333333333333333333333333333333333333333333333333333333333333333333333333333333333333333333333
333333333333333333333333333333333333333333333333333333333333333333333333333333333333333333333333333333333333333333333333